


@comment --- V ---
@book{vanloan1987handbook,
author={van Loan, Charles F. and Coleman, Thomas F.},
title={{Handbook for Matrix Computations}},
year={1987},
publisher={SIAM}
}